<record xmlns='http://www.loc.gov/MARC21/slim'><leader>01343cim a22003132u 4500</leader><controlfield tag='001'>3602403</controlfield><controlfield tag='005'>20151214183122.0</controlfield><controlfield tag='007'>ss|lmnjluz|nuu</controlfield><controlfield tag='008'>991101s1989    nyunnn         l    eng d</controlfield><datafield ind1=' ' ind2=' ' tag='035'><subfield code='a'>(NIC)notisASF9468</subfield></datafield><datafield ind1=' ' ind2=' ' tag='035'><subfield code='a'>3602403</subfield></datafield><datafield ind1=' ' ind2=' ' tag='035'><subfield code='a'>(OCoLC)63899323</subfield></datafield><datafield ind1=' ' ind2=' ' tag='040'><subfield code='a'>NIC</subfield><subfield code='c'>NIC</subfield><subfield code='d'>NIC</subfield><subfield code='d'>NIC</subfield></datafield><datafield ind1='1' ind2=' ' tag='100'><subfield code='a'>Glasser, Ira.</subfield></datafield><datafield ind1='1' ind2='4' tag='245'><subfield code='a'>The crisis in civil liberties</subfield><subfield code='h'>[sound recording]</subfield></datafield><datafield ind1=' ' ind2=' ' tag='260'><subfield code='c'>1989.</subfield></datafield><datafield ind1=' ' ind2=' ' tag='300'><subfield code='a'>2 sound cassettes :</subfield><subfield code='b'>analog, mono.</subfield></datafield><datafield ind1=' ' ind2=' ' tag='500'><subfield code='a'>Recorded in Ithaca, NY by Cornell University.</subfield></datafield><datafield ind1=' ' ind2=' ' tag='500'><subfield code='a'>Sponsored by: Public Interest Law Union,Cornell Civil Liberties Union,Law School.</subfield></datafield><datafield ind1=' ' ind2=' ' tag='500'><subfield code='a'>Speaker(s): American Civil Liberties Union Executive Director.</subfield></datafield><datafield ind1=' ' ind2=' ' tag='518'><subfield code='a'>Lecture, March 30, 1989.</subfield></datafield><datafield ind1=' ' ind2=' ' tag='520'><subfield code='a'>Explains the historical and political context of civil liberties in the United States.  Shows how the Constitution expresses civil rights and how rights are gained.  Discusses the political climate surrounding civil rights today, detailing the threats posed by groups like the Moral Majority.</subfield></datafield><datafield ind1=' ' ind2='0' tag='650'><subfield code='a'>Civil rights</subfield><subfield code='z'>Unites States.</subfield></datafield><datafield ind1=' ' ind2='0' tag='650'><subfield code='a'>Constitutional law.</subfield></datafield><datafield ind1=' ' ind2='7' tag='650'><subfield code='a'>Civil rights</subfield><subfield code='2'>fast</subfield><subfield code='0'>(OCoLC)fst00862627</subfield></datafield><datafield ind1=' ' ind2='7' tag='650'><subfield code='a'>Constitutional law</subfield><subfield code='2'>fast</subfield><subfield code='0'>(OCoLC)fst00875797</subfield></datafield><datafield ind1='1' ind2=' ' tag='899'><subfield code='a'>CULectures</subfield></datafield><datafield ind1=' ' ind2=' ' tag='905'><subfield code='a'>20000214120000.0</subfield></datafield><datafield ind1='2' ind2=' ' tag='948'><subfield code='a'>20141221</subfield><subfield code='b'>m</subfield><subfield code='d'>batch</subfield><subfield code='e'>lts</subfield><subfield code='x'>addfast</subfield></datafield></record>